<?xml version="1.0" encoding="UTF-8"?>
<record xmlns="http://www.loc.gov/MARC21/slim" xmlns:xsi="http://www.w3.org/2001/XMLSchema-instance" xsi:schemaLocation="http://www.loc.gov/MARC21/slim http://www.loc.gov/standards/marcxml/schema/MARC21slim.xsd">
<leader>     nam a2200217   4500</leader>
<controlfield tag="001">001680852</controlfield>
<controlfield tag="003">NNU</controlfield>
<controlfield tag="005">20001218225722.0</controlfield>
<controlfield tag="008">891019s1967    iq            00  0 ara</controlfield>
<datafield tag="010" ind1=" " ind2=" ">
<subfield code="a">71244530</subfield>
</datafield>
<datafield tag="035" ind1="9" ind2=" ">
<subfield code="a">NYUb12224256</subfield>
</datafield>
<datafield tag="035" ind1=" " ind2=" ">
<subfield code="a">(CStRLIN)DCGGB15215714-B</subfield>
</datafield>
<datafield tag="100" ind1="1" ind2=" ">
<subfield code="a">Samāwī, Aḥmad al-Shaykh ʻAbd al-Ḥamīd.</subfield>
</datafield>
<datafield tag="245" ind1="1" ind2="0">
<subfield code="a">Maʻa Īlīyā Abū Māḍī fī ṭalasimihi :</subfield>
<subfield code="b">wa-huwa sharḥ li-Manẓūmat ʻAbd al-Ḥamīd al-Samāwī allatī radda bi-hā Ṭalāsim Īlīyā Abū Māḍī /</subfield>
<subfield code="c">Aḥmad al-Shaykh ʻAbd al-Ḥamīd al-Samāwī.</subfield>
</datafield>
<datafield tag="260" ind1=" " ind2=" ">
<subfield code="a">Najf :</subfield>
<subfield code="b">Maṭbaʻat al-Nuʻmān,</subfield>
<subfield code="c">1967.</subfield>
</datafield>
<datafield tag="300" ind1=" " ind2=" ">
<subfield code="a">243 p. ;</subfield>
<subfield code="c">25 cm.</subfield>
</datafield>
<datafield tag="500" ind1=" " ind2=" ">
<subfield code="a">Cover title.</subfield>
</datafield>
<datafield tag="600" ind1="1" ind2="0">
<subfield code="a">Abū Māḍī, Īlīyā,</subfield>
<subfield code="d">1889-1957.</subfield>
<subfield code="t">Ṭalāsim.</subfield>
</datafield>
<datafield tag="700" ind1="1" ind2=" ">
<subfield code="a">Samāwī, ʻAbd al-Ḥamīd.</subfield>
<subfield code="t">Manẓūmah.</subfield>
<subfield code="f">1967.</subfield>
</datafield>
<datafield tag="OWN" ind1=" " ind2=" ">
<subfield code="a">GENERAL</subfield>
</datafield>
<datafield tag="950" ind1=" " ind2=" ">
<subfield code="l">BMAIN</subfield>
<subfield code="a">PJ7808.M3</subfield>
<subfield code="b">T338 1968</subfield>
</datafield>
<datafield tag="955" ind1=" " ind2=" ">
<subfield code="l">BMAIN</subfield>
<subfield code="c">1</subfield>
<subfield code="r">028866815</subfield>
</datafield>
<datafield tag="998" ind1=" " ind2=" ">
<subfield code="s">9115</subfield>
</datafield>
<datafield tag="AVA" ind1=" " ind2=" ">
<subfield code="a">NYU50</subfield>
<subfield code="b">BOBST</subfield>
<subfield code="c">Main Collection</subfield>
<subfield code="d">PJ7808.M3 T338 1968</subfield>
<subfield code="e">unavailable</subfield>
<subfield code="t">Unavailable</subfield>
<subfield code="f">1</subfield>
<subfield code="g">1</subfield>
<subfield code="h">N</subfield>
<subfield code="i">1</subfield>
<subfield code="j">MAIN</subfield>
</datafield>
</record>
